<record><leader>00000cas a22000007a 4500</leader><controlfield tag="001">11176039</controlfield><controlfield tag="008">840920d18711991inuwr ne      0    0eng d</controlfield><controlfield tag="009">3781</controlfield><datafield ind1=" " ind2=" " tag="010"><subfield code="a">sn 84027506 </subfield></datafield><datafield ind1=" " ind2=" " tag="040"><subfield code="a">NPU</subfield><subfield code="b">eng</subfield><subfield code="c">NPU</subfield><subfield code="d">NPI</subfield><subfield code="d">NPU</subfield><subfield code="d">NPI</subfield><subfield code="d">NVF</subfield><subfield code="d">NPI</subfield></datafield><datafield ind1=" " ind2=" " tag="042"><subfield code="a">msc</subfield></datafield><datafield ind1="0" ind2=" " tag="130"><subfield code="a">Crawford County Democrat (Leavenworth, Ind.)</subfield></datafield><datafield ind1="0" ind2="0" tag="245"><subfield code="a">Crawford County Democrat.</subfield></datafield><datafield ind1=" " ind2=" " tag="260"><subfield code="a">Leavenworth, Ind. :</subfield><subfield code="b">VanZandt &amp; Ryan,</subfield><subfield code="c">1871-1991.</subfield></datafield><datafield ind1=" " ind2=" " tag="300"><subfield code="a">113 v. :</subfield><subfield code="b">ill. ;</subfield><subfield code="c">58-61 cm.</subfield></datafield><datafield ind1=" " ind2=" " tag="310"><subfield code="a">Weekly</subfield></datafield><datafield ind1="0" ind2=" " tag="362"><subfield code="a">Vol. 1, no. 1 (July 13, 1871)-v. 113, no. 14 (Dec. 27, 1991).</subfield></datafield><datafield ind1=" " ind2=" " tag="500"><subfield code="a">Published in English, Ind., 1897-1991.</subfield></datafield><datafield ind1=" " ind2=" " tag="500"><subfield code="a">Includes small special "Fire Edition" (Nov. 17, 1890; misdated Oct. 17, 1890 on some pages).</subfield></datafield><datafield ind1=" " ind2=" " tag="752"><subfield code="a">United States</subfield><subfield code="b">Indiana</subfield><subfield code="c">Crawford</subfield><subfield code="d">Leavenworth.</subfield></datafield><datafield ind1=" " ind2=" " tag="752"><subfield code="a">United States</subfield><subfield code="b">Indiana</subfield><subfield code="c">Crawford</subfield><subfield code="d">English.</subfield></datafield><datafield ind1="0" ind2="7" tag="785"><subfield code="t">Clarion (Milltown, Ind.)</subfield><subfield code="w">(DLC)sn 85047972</subfield></datafield><datafield ind1="0" ind2="7" tag="785"><subfield code="t">News-messenger (English, Ind.)</subfield><subfield code="w">(DLC)sn 85047967</subfield></datafield><datafield ind1="0" ind2="7" tag="785"><subfield code="t">Clarion news (Corydon, Ind.)</subfield><subfield code="w">(DLC)sn 93049023</subfield></datafield></record>